@MISC{HistoryAndOverviewOfPolynomialP2024,
    author = {Petro Kolosov},
    title = {{History and overview of the polynomial P}},
    howpublished = {Available electronically at \url {https://github.com/kolosovpetro/HistoryAndOverviewOfPolynomialP}},
    year = {2024},
    note = {\url{https://github.com/kolosovpetro/HistoryAndOverviewOfPolynomialP}},
}
