@article{meijering2002chronology,
    title = {{A chronology of interpolation: from ancient astronomy to modern signal and image processing}},
    author = {{Meijering, Erik}},
    journal = {{Proceedings of the IEEE}},
    volume = {90},
    number = {3},
    pages = {319--342},
    year = {2002},
    publisher = {{IEEE}},
    note = {\url{https://infoscience.epfl.ch/record/63085/files/meijering0201.pdf}}
}

# binomial theorem

@misc{abramowitz1988handbook,
    title = {Handbook of mathematical functions with formulas, graphs, and mathematical tables},
    author = {Abramowitz, Milton and Stegun, Irene A. and Romer, Robert H.},
    year = {1988},
    publisher = {American Association of Physics Teachers}
}

# binomial coefficients

@article{graham1989concrete,
    title = {Concrete mathematics: a foundation for computer science},
    author = {Graham, Ronald L and Knuth, Donald E and Patashnik, Oren and Liu, Stanley},
    journal = {Computers in Physics},
    volume = {3},
    number = {5},
    pages = {106--107},
    year = {1989},
    publisher = {American Institute of Physics}
}

# bernoulli numbers

@book{bateman1953higher,
    title = {{Higher transcendental functions [volumes i-iii]}},
    author = {Bateman, Harry},
    volume = {1},
    year = {1953},
    publisher = {McGRAW-HILL book company}
}

# faulhaber's formula

@article{beardon1996sums,
    title = {{Sums of powers of integers}},
    author = {Beardon, Alan F.},
    journal = {{The American mathematical monthly}},
    volume = {103},
    number = {3},
    pages = {201--213},
    year = {1996},
    publisher = {Taylor \& Francis},
    note = {\url{https://les-mathematiques.net/vanilla/uploads/editor/5w/3wm5emwr0i7p.pdf}}
}

# unusual identity odd powers

@article{kolosov2022106,
    title = {{106.37 An unusual identity for odd-powers}},
    author = {{Kolosov, Petro}},
    journal = {{The Mathematical Gazette}},
    volume = {106},
    number = {567},
    pages = {509--513},
    year = {2022},
    publisher = {{Cambridge University Press}},
    note = {\url{https://doi.org/10.1017/mag.2022.129}},
}

# Max ALekseyev's answer MO

@misc{alekseyev2018mathoverflow,
    title = {{MathOverflow answer 297916/113033}},
    author = {{Alekseyev, Max}},
    journal = {{MathOverflow https://mathoverflow.net/a/297916/113033}},
    number = {297916/113033},
    howpublished = "Published electronically at \url{https://mathoverflow.net/a/297916/113033}",
    year = {2018}
}

# Proof of binomial identity Scheuer, Markus

@misc{scheuer2023mathstackexchange,
    title = {{MathStackExchange answer 4724343/463487}},
    author = {{Scheuer, Markus}},
    journal = {{MathStackExchange https://math.stackexchange.com/a/4724343/463487}},
    number = {{4724343/463487}},
    howpublished = "Published electronically at \url{https://math.stackexchange.com/a/4724343/463487}",
    year = {2023}
}

# Albert Tkaczyk articles

@misc{tkaczyk2018problem,
    title = {{About the problem of a triangle developing the polynomial function}},
    author = {{Tkaczyk, Albert}},
    journal = {{LinkedIn}},
    howpublished = "Published electronically at \href{https://www.linkedin.com/pulse/problem-triangle-developing-polynomial-function-fn-nm-albert-tkaczyk/}{\texttt{LinkedIn}}",
    year = {2018}
}

@misc{tkaczyk2018continuation,
    title = {{On the problem of a triangle developing the polynomial function - continuation}},
    author = {{Tkaczyk, Albert}},
    journal = {{LinkedIn}},
    howpublished = "Published electronically at \href{https://www.linkedin.com/pulse/problem-triangle-developing-polynomial-function-f-n-m-albert-tkaczyk/}{\texttt{LinkedIn}}",
    year = {2018}
}

# OEIS sequences begin

@misc{kolosov2017third,
    title = {{Numerical triangle, row sums give third power, Entry A287326 in The On-Line Encyclopedia of Integer Sequences}},
    author = {Kolosov, Petro},
    journal = {{The On-Line Encyclopedia of Integer Sequences}},
    number = {A287326},
    howpublished = "Published electronically at \url{https://oeis.org/A287326}",
    year = {2017}
}

@misc{kolosov2018fifth,
    title = {{Numerical triangle, row sums give fifth power, Entry A300656 in The On-Line Encyclopedia of Integer Sequences}},
    author = {Kolosov, Petro},
    journal = {{The On-Line Encyclopedia of Integer Sequences}},
    number = {A300656},
    howpublished = "Published electronically at \url{https://oeis.org/A300656}",
    year = {2018}
}

@misc{kolosov2018seventh,
    title = {{Numerical triangle, row sums give seventh power, Entry A300785 in The On-Line Encyclopedia of Integer Sequences}},
    author = {Kolosov, Petro},
    journal = {{The On-Line Encyclopedia of Integer Sequences}},
    number = {A300785},
    howpublished = "Published electronically at \url{https://oeis.org/A300785}",
    year = {2018}
}

@misc{kolosov2018numerator,
    title = {{Entry A302971 in The On-Line Encyclopedia of Integer Sequences}},
    author = {Kolosov, Petro},
    journal = {{The On-Line Encyclopedia of Integer Sequences}},
    number = {A302971},
    howpublished = "Published electronically at \url{https://oeis.org/A302971}",
    year = {2018}
}

@misc{kolosov2018denominator,
    title = {{Entry A304042 in The On-Line Encyclopedia of Integer Sequences}},
    author = {Kolosov, Petro},
    journal = {{The On-Line Encyclopedia of Integer Sequences}},
    number = {A304042},
    howpublished = "Published electronically at \url{https://oeis.org/A304042}",
    year = {2018}
}

@misc{kolosov2018coefficientspolynomial1,
    title = {The coefficients U(m, l, k), m = 1 defined by the polynomial identity},
    author = {Kolosov, Petro},
    journal = {The On-Line Encyclopedia of Integer Sequences},
    number = {A320047},
    year = {2018},
    note = {\url{https://oeis.org/A320047}},
}

@misc{kolosov2018coefficientspolynomial2,
    title = {The coefficients U(m, l, k), m = 2 defined by the polynomial identity},
    author = {Kolosov, Petro},
    journal = {The On-Line Encyclopedia of Integer Sequences},
    number = {A316349},
    year = {2018},
    note = {\url{https://oeis.org/A316349}},
}

@misc{kolosov2018coefficientspolynomial3,
    title = {The coefficients U(m, l, k), m = 3 defined by the polynomial identity},
    author = {Kolosov, Petro},
    journal = {The On-Line Encyclopedia of Integer Sequences},
    number = {A316387},
    year = {2018},
    note = {\url{https://oeis.org/A316387}},
}

# OEIS sequences end

# Polynomial identity involving Binomial Theorem and Faulhaber's formula

@misc{kolosov2023polynomial,
    title = {{Polynomial identity involving Binomial Theorem and Faulhaber's formula}},
    author = {Kolosov, Petro},
    journal = {Figshare},
    number = {https://doi.org/10.6084/m9.figshare.2386},
    howpublished = "Published electronically at \url{https://kolosovpetro.github.io/pdf/PolynomialIdentityInvolvingBTandFaulhaber.pdf}",
    year = {2023}
}

@article{kolosov2016link,
    title = {{On the link between binomial theorem and discrete convolution}},
    author = {{Kolosov, Petro}},
    journal = {{arXiv preprint arXiv:1603.02468}},
    year = {2016},
    note = {\url{https://arxiv.org/abs/1603.02468}}
}

@misc{albert_tkaczyk_2023_8371454,
    author = {Albert Tkaczyk},
    title = {{On three-dimensional expansions of the polynomial function f(n)=n\^m}},
    month = sep,
    year = 2023,
    publisher = {Zenodo},
    version = 4,
    doi = {10.5281/zenodo.8371454},
    url = {https://doi.org/10.5281/zenodo.8371454},
    note = {\url{https://doi.org/10.5281/zenodo.8371454}}
}

@article{kolosov2023another,
    title = {Another approach to get derivative of odd-power},
    author = {Kolosov, Petro},
    journal = {arXiv preprint arXiv:2310.07804},
    year = {2023},
    note = {\url{https://arxiv.org/abs/2310.07804}},
}

@article{kolosov2016study,
    title = {A study on partial dynamic equation on time scales involving derivatives of polynomials},
    author = {Kolosov, Petro},
    journal = {arXiv preprint arXiv:1608.00801},
    year = {2016},
    note = {\url{https://arxiv.org/abs/1608.00801}},
}

@misc{kolosov_2024_10575485,
    author = {Kolosov, Petro},
    title = {{Finding the derivative of polynomials via double limit}},
    month = jan,
    year = 2024,
    publisher = {Zenodo},
    doi = {10.5281/zenodo.10575485},
    url = {https://doi.org/10.5281/zenodo.10575485},
    note = {\url{https://doi.org/10.5281/zenodo.10575485}},
}

@article{barbero2020two,
    title = {{A two-sided Faulhaber-like formula involving Bernoulli polynomials}},
    author = {Barbero G., J. Fernando and Margalef-Bentabol, Juan and Villase{\~n}or, Eduardo J.S.},
    journal = {Comptes Rendus. Math{\'e}matique},
    volume = {358},
    number = {1},
    pages = {41--44},
    year = {2020},
    note = {\url{https://doi.org/10.5802/crmath.10}}
}
